
@ARTICLE{Wood2023-zf,
  title     = "'Everybody is cheating': Why this teacher has adopted an open
               {ChatGPT} policy",
  author    = "Wood, Patrick and Kelly, Mary Louise",
  journal   = "NPR",
  publisher = "NPR",
  month     =  jan,
  year      =  2023,
  url       = "https://www.npr.org/2023/01/26/1151499213/chatgpt-ai-education-cheating-classroom-wharton-school"
}



@MISC{Etchemendy2022-ak,
  title        = "Introducing the Center for Research on Foundation Models
                  ({CRFM})",
  booktitle    = "Stanford {HAI}",
  author       = "Etchemendy, John",
  month        =  jun,
  year         =  2022,
  url          = "https://hai.stanford.edu/news/introducing-center-research-foundation-models-crfm",
  howpublished = "\url{https://hai.stanford.edu/news/introducing-center-research-foundation-models-crfm}",
  note         = "Accessed: 2023-7-10",
  language     = "en"
}


@BOOK{Vinge2007-qc,
  title     = "Rainbows end",
  author    = "Vinge, Vernor",
  publisher = "Pan Macmillan",
  year      =  2007
}


@BOOK{Wiggins2022-gn,
  title     = "Confabulation",
  author    = "Wiggins, Amanda and Bunin, Jessica L",
  publisher = "StatPearls Publishing",
  month     =  aug,
  year      =  2022,
  url       = "https://www.ncbi.nlm.nih.gov/books/NBK536961/"
}

@ARTICLE{Murgia2023-ak,
  title    = "Sci-fi writer Ted Chiang: `The machines we have now are not
              conscious'",
  author   = "Murgia, Madhumita",
  journal  = "Financial Times",
  month    =  jun,
  year     =  2023,
  url      = "https://www.ft.com/content/c1f6d948-3dde-405f-924c-09cc0dcf8c84",
  language = "en"
}

@MISC{Rikab2023-am,
  title        = "Detectors of {AI-Generated} Text Often Fail. Here Is What to
                  Do",
  booktitle    = "Better Programming",
  author       = "Rikab, Waleed",
  month        =  jan,
  year         =  2023,
  url          = "https://betterprogramming.pub/ai-generated-text-detectors-are-useless-here-is-what-to-do-e7a640815087?gi=36edb0464c3b",
  howpublished = "\url{https://betterprogramming.pub/ai-generated-text-detectors-are-useless-here-is-what-to-do-e7a640815087?gi=36edb0464c3b}",
  note         = "Accessed: 2023-6-6",
  language     = "en"
}

@BOOK{Hammack2023-ra,
  title     = "The Things We Make: The Unknown History of Invention from
               Cathedrals to Soda Cans",
  author    = "Hammack, Bill",
  publisher = "Sourcebooks",
  edition   =  1,
  month     =  mar,
  year      =  2023,
  url       = "https://www.amazon.com.au/Things-We-Make-Invention-Cathedrals/dp/1728215757",
  language  = "en",
  isbn      = "9781728215754"
}


@ARTICLE{British_Library_undated-kj,
  title    = "Cnut",
  author   = "{British Library}",
  journal  = "British dental journal",
  volume   =  125,
  number   =  5,
  pages    = "237--238",
  month    =  sep,
  year     =  1968,
  url      = "https://www.bl.uk/people/cnut",
  language = "en",
  issn     = "0007-0610",
  pmid     = "5244099"
}


@INCOLLECTION{Johnson2000-db,
  title     = "Confabulation",
  booktitle = "Handbook of neuropsychology: Memory and its disorders, Vol",
  author    = "Johnson, Marcia K and Hayes, Scott M and D'Esposito, Mark and
               Raye, Carol L",
  editor    = "Cermak, Laird S",
  publisher = "Elsevier Science Publishers B.V., xii",
  volume    =  2,
  pages     = "383--407",
  year      =  2000,
  url       = "https://psycnet.apa.org/fulltext/2004-16990-016.pdf",
  address   = "Amsterdam, Netherlands"
}


@MISC{McCarthy1955-cf,
  title  = "A Proposal for the Dartmouth Summer Research Project on Artificial
            Intelligence",
  author = "McCarthy, J and Minsky, M and Rochester, N and Shannon, C E",
  year   =  1955,
  url    = "https://raysolomonoff.com/dartmouth/boxa/dart564props.pdf"
}


@MISC{Willison2023-nf,
  title        = "Think of language models like {ChatGPT} as a ``calculator for
                  words''",
  author       = "Willison, Simon",
  year         =  2023,
  url          = "https://simonwillison.net/2023/Apr/2/calculator-for-words/",
  howpublished = "\url{https://simonwillison.net/2023/Apr/2/calculator-for-words/}",
  note         = "Accessed: 2023-6-6",
  language     = "en"
}

@MISC{Mollick2023-sj,
  title        = "The future, soon: what {I} learned from Bing's {AI}",
  booktitle    = "One Useful Thing",
  author       = "Mollick, Ethan",
  month        = feb,
  year         =  2023,
  url          = "https://www.oneusefulthing.org/p/the-future-soon-what-i-learned-from",
  howpublished = "\url{https://www.oneusefulthing.org/p/the-future-soon-what-i-learned-from}",
  note         = "Accessed: 2023-6-6"
}

@MISC{Mollick2023-il,
  title        = "On-boarding your {AI} intern",
  booktitle    = "One Useful Thing",
  author       = "Mollick, Ethan",
  month        =  may,
  year         =  2023,
  url          = "https://www.oneusefulthing.org/p/on-boarding-your-ai-intern",
  howpublished = "\url{https://www.oneusefulthing.org/p/on-boarding-your-ai-intern}",
  note         = "Accessed: 2023-6-6",
  language     = "en"
}


@MISC{Hashimoto2023-qo,
  title        = "Prompt Engineering vs. Blind Prompting",
  author       = "Hashimoto, Mitchell",
  month        =  apr,
  year         =  2023,
  url          = "https://mitchellh.com/writing/prompt-engineering-vs-blind-prompting",
  howpublished = "\url{https://mitchellh.com/writing/prompt-engineering-vs-blind-prompting}",
  note         = "Accessed: 2023-6-6",
  language     = "en"
}

